<?xml version="1.0" encoding="UTF-8"?><collection xmlns="http://www.loc.gov/MARC21/slim"><record><leader>00483nam--2200181-i-4500</leader><controlfield tag="001">000004454</controlfield><controlfield tag="002">20161230</controlfield><controlfield tag="005">20161230201025</controlfield><controlfield tag="008">060222s1000------------r-----000-0-rum-d</controlfield><datafield ind1=" " ind2=" " tag="040"><subfield code="a">IFIN-HH</subfield></datafield><datafield ind1=" " ind2=" " tag="041"><subfield code="a">rum</subfield></datafield><datafield ind1=" " ind2=" " tag="080"><subfield code="a">533.9:52-85</subfield></datafield><datafield ind1="1" ind2=" " tag="100"><subfield code="a">Alexandroaei, Dumitru</subfield></datafield><datafield ind1="1" ind2="0" tag="245"><subfield code="a">Capitole speciale de fizica plasmei</subfield><subfield code="c">Dumitru Alexandroaei</subfield></datafield><datafield ind1=" " ind2=" " tag="260"><subfield code="a">Iasi</subfield><subfield code="b">Editura Universitatii "Al.I.Cuza"</subfield><subfield code="c">2001</subfield></datafield><datafield ind1=" " ind2=" " tag="300"><subfield code="a">238p</subfield></datafield><datafield ind1=" " ind2=" " tag="852"><subfield code="a">81280</subfield><subfield code="c">533.9</subfield></datafield><datafield ind1=" " ind2=" " tag="CAT"><subfield code="a">Sys</subfield><subfield code="c">20101005</subfield><subfield code="h">094840</subfield></datafield></record></collection>